@online{SOdevSurvey2015,
	author = {Stack Overflow},
	title = "{{Stack Overflow Developer Survey 2015}}",
	date = {2016},
	url = {http://stackoverflow.com/research/developer-survey-2015#tech-sourcecontrol},
	month = {4},
	day = {11}
}

@online{githomepage,
	author = {Git},
	title = "{{Git}}",
	date = {2016},
	url = {http://git-scm.com},
	month = {4},
	day = {11}
}

@online{svnhomepage,
	author = {Git},
	title = "{{Git}}",
	date = {2016},
	url = {https://subversion.apache.org},
	month = {4},
	day = {11}
}

@online{cvshomepage,
	author = {Free Software Foundation Inc.},
	title = "{{Concurrent Versions System}}",
	date = {2016},
	url = {http://savannah.nongnu.org/projects/cvs},
	month = {4},
	day = {11}
}

@online{bugzillahomepage,
	author = {Mozilla Foundation},
	title = "{{Bugzilla}}",
	date = {2016},
	url = {https://www.bugzilla.org/},
	month = {4},
	day = {11}
}

@online{jirahomepage,
	author = {Atlassian},
	title = "{{Jira Software}}",
	date = {2016},
	url = {https://www.atlassian.com/software/jira},
	month = {4},
	day = {11}
}

@online{githubhomepage,
	author = {GitHub},	
	title = "{{GitHub}}",
	date = {2016},
	url = {https://github.com/},
	month = {4},
	day = {11}
}

@online{sourceforgehomepage,
	author = {SourceForge},	
	title = "{{SourceForge}}",
	date = {2016},
	url = {https://sourceforge.net/},
	month = {4},
	day = {11}
}

@online{codeplexhomepage,
	author = {Microsoft Corp.},	
	title = "{{CodePlex - Hosting for Open Source Software}}",
	date = {2016},
	url = {https://www.codeplex.com/},
	month = {4},
	day = {11}
}

@online{bitbuckethomepage,
	author = {Atlassian},	
	title = "{{Atlassian Bitbucket}}",
	date = {2016},
	url = {https://bitbucket.org/},
	month = {4},
	day = {11}
}

@misc{Liljeson831487,
	author = {Liljeson, Mattias and Mohlin, Alexander},
	institution = {Blekinge Institute of Technology, Department of Creative Technologies},
	pages = {60},
	title = "{{Software defect prediction using machine learning on test and source code metrics}}",
	year = {2014}
}
@mastersthesis{Moriggl831473,
	author = {Moriggl, Irene},
	institution = {Blekinge Institute of Technology, School of Computing},
	pages = {54},
	title = "{{Intelligent Code Inspection using Static Code Features : An approach for Java}}",
	year = {2010}
}
@inproceedings{Nagappan:2005:URC:1062455.1062514,
	author = {Nagappan, Nachiappan and Ball, Thomas},
	title = "{{Use of Relative Code Churn Measures to Predict System Defect Density}}",
	booktitle = "{{Proceedings of the 27th International Conference on Software Engineering}}",
	series = {ICSE '05},
	year = {2005},
	isbn = {1-58113-963-2},
	location = {St. Louis, MO, USA},
	pages = {284--292},
	numpages = {9},
	url = {http://doi.acm.org/10.1145/1062455.1062514},
	doi = {10.1145/1062455.1062514},
	acmid = {1062514},
	publisher = {ACM},
	address = {New York, NY, USA},
	keywords = {defect density, fault-proneness, multiple regression, principal component analysis, relative code churn},
} 
@online{githubInternalsGitObjects,
	author = {Git},	
	title = "{{Git Internals - Git Objects}}",
	date = {2016},
	url = {https://git-scm.com/book/en/v1/Git-Internals-Git-Objects},
	month = {5},
	day = {5}
}

@online{gitpythonasync,
	author = {Sebastian Thiel},	
	title = "{{Gitpython Async Projekt}}",
	date = {2016},
	url = {https://github.com/gitpython-developers/async},
	month = {5},
	day = {5}
}

@online{pythonrequests,
	author = {Kenneth Reitz},		
	title = "{{Requests: HTTP for Humans}}",
	date = {2016},
	month = {5},
	day = {5},
	url = {http://docs.python-requests.org/en/master/},
}

@online{gitpython,
	author = {Sebastian Thiel},	
	title = "{{GitHub: GitPython}}",
	date = {2016},
	month = {5},
	day = {5},
	url = {https://github.com/gitpython-developers/GitPython},
}

@online{sqlalchemy,
	author = {Michael Bayer},	
	title = "{{SQLAlchemy: The Python SQL Toolkit and Object Relational Mapper}}",
	date = {2016},
	month = {5},
	day = {5},
	url = {http://www.sqlalchemy.org/},
}


@online{sourceforgesucks1,
	author = {Nathan Willis},	
	title = "{{LWN.net: SourceForge offering "side-loading" installers}}",
	date = {2013},
	month = {8},
	day = {21},
	url = {https://lwn.net/Articles/564250/}
}

@online{sourceforgesucks2,
	author = {Sean Gallagher},	
	title = "{{arstechnica: SourceForge grabs GIMP for Windows’ account, wraps installer in bundle-pushing adware}}",
	date = {2015},
	month = {5},
	day = {27},
	url = {http://arstechnica.com/information-technology/2015/05/sourceforge-grabs-gimp-for-windows-account-wraps-installer-in-bundle-pushing-adware/}
}

@online{githubapi,
	author = {GitHub},	
	title = "{{GitHub Developer: API Overview}}",
	date = {2016},
	month = {4},
	day = {23},
	url = {https://developer.github.com/v3/}
}

@online{jirapi,
	author = {Atlassian},	
	title = "{{JIRA REST API Reference}}",
	date = {2016},
	month = {4},
	day = {23},
	url = {https://docs.atlassian.com/jira/REST/latest/}
}

@online{elasticsearchhomepage,
	author = {Elastic},	
	title = "{{Elastic: Elasticsearch}}",
	date = {2016},
	month = {4},
	day = {24},
	url = {https://www.elastic.co/products/elasticsearch}
}

@online{elasticsearchgithub,
	author = {Elastic},
	title = "{{GitHub: Elasticsearch}}",
	date = {2016},
	month = {4},
	day = {24},
	url = {https://github.com/elastic/elasticsearch}
}

@online{elasticsearchrelease,
	author = {Elastic},
	title = "{{elasticsearch. blog: You Know, for Search (Archived)}}",
	date = {2016},
	month = {4},
	day = {24},
	url = {https://web.archive.org/web/20130116045454/http://www.elasticsearch.org/blog/2010/02/08/youknowforsearch.html}	
}

@online{dbsearchengineranking,
	author = {solid IT gmbh},
	title = "{{DB-Engines Ranking of Search Engines}}",
	date = {2016},
	month = {4},
	day = {24},
	url={http://db-engines.com/en/ranking/search+engine}
}

@online{elasticsearchinwikimedia,
	author = {Chad Horohoe},
	title = "{{Wikimedia Blog: Wikimedia moving to Elasticsearch}}",
	date = {2014},
	month = {1},
	day = {6},
	url={https://blog.wikimedia.org/2014/01/06/wikimedia-moving-to-elasticsearch/}
}

@online{elasticsearchingithub,
	author = {Tim Pease},	
	title = "{{GitHub: A Whole New Code Search}}",
	date = {2013},
	month = {1},
	day = {23},
	url={https://github.com/blog/1381-a-whole-new-code-search}
}
@online{elasticsearchinstackexchange,
	author = {Nick Craver},		
	title = "{{What it takes to run Stack Overflow}}",
	date = {2013},
	month = {11},
	day = {22},
	url = {http://nickcraver.com/blog/2013/11/22/what-it-takes-to-run-stack-overflow/}
}

@online{elasticsearchinnetflix,
	author = {Sagar Loke and Christos Kalantzis},		
	title = "{{The Netflix Tech Blog: Introducing Raigad - An Elasticsearch Sidecar}}",
	date = {2014},
	month = {11},
	day = {10},
	url={http://techblog.netflix.com/2014/11/introducing-raigad-elasticsearch-sidecar.html}
}

@online{elasticsearchinsoundcloud,
	author = {Petar Djekic},	
	title = "{{Soundcloud Backstage Blog: Architecture behind our new Search and Explore experience}}",
	date = {2012},
	month = {12},
	day = {4},
	url={https://developers.soundcloud.com/blog/architecture-behind-our-new-search-and-explore-experience}
}
@online{eclipsejdtast,
	author = {Eclipse Foundation},	
	title = "{{Eclipse JDT AST}}",
	date = {2016},
	month = {5},
	day = {5},
	url={http://help.eclipse.org/mars/index.jsp?topic=%2Forg.eclipse.jdt.doc.isv%2Freference%2Fapi%2Forg%2Feclipse%2Fjdt%2Fcore%2Fdom%2FAST.html}
}	
@online{javaparser,
	author = {JavaParser},
	title = "{{javaparser}}",
	date = {2016},
	month = {5},
	day = {28},
	url={https://github.com/javaparser/javaparser}
}
@article{DBLP:journals/corr/MohammadKZ13,
	author    = {Mohammad, Saif M. and Kiritchenko, Svetlana  and Zhu, Xiaodan},
	title     = "{{NRC-Canada: Building the State-of-the-Art in Sentiment Analysis of Tweets}}",
	journal   = {CoRR},
	volume    = {abs/1308.6242},
	year      = {2013},
	url       = {http://arxiv.org/abs/1308.6242},
	timestamp = {Sun, 01 Sep 2013 20:57:48 +0200},
	biburl    = {http://dblp.uni-trier.de/rec/bib/journals/corr/MohammadKZ13},
	bibsource = {dblp computer science bibliography, http://dblp.org}
}
@mastersthesis{softwarebugswithngrams,
	author    = {Chollak, Devinu},
	title = "{{Software Bug Detection Using the N-gram Language Model}}",
	institution = {University of Waterloo},
	school 		= {School of Computer Science},
	year      = {2015},
	url       = {http://hdl.handle.net/10012/9250}
}

@online{uzhregression,
	author = {Universität Zürich},
	title = "{{Methodenberatung Universität Zürich: Einfache lineare Regression}}",
	date = {2016},
	month = {5},
	day = {8},
	url={http://www.methodenberatung.uzh.ch/datenanalyse/zusammenhaenge/ereg.html}
}

@online{sklearnlinearmodel,
	author = {scikit-learn developers},
	title = "{{Scikit-Learn User Guide: Generalized Linear Models}}",
	date = {2016},
	month = {5},
	day = {8},
	url={http://scikit-learn.org/stable/modules/linear_model.html}
}

@online{gradientdescent,
	author = {Hans Joachim Oberle},
	title = "{{Uni Hamburg: Das Gradientenverfahren}}",
	date = {2016},
	month = {5},
	day = {8},
	url={http://www.math.uni-hamburg.de/home/oberle/skripte/optimierung/optim.pdf}
}

@online{linregmulticollinearity,
	author = {Hans Lohninger},
	title = "{{Grundlagen der Statistik: MLR und (Multi)Kollinearität}}",
	date = {2016},
	month = {5},
	day = {8},
	url={http://www.statistics4u.com/fundstat_germ/cc_mlr_collinvars.html}
}

@online{ridgeregs4u,
	author = {Hans Lohninger},
	title = "{{Grundlagen der Statistik: Ridge Regression}}",
	date = {2016},
	month = {5},
	day = {8},
	url={http://www.statistics4u.com/fundstat_germ/ee_ridge_regression.html}
}

@online{svropencv,
	author = {opencv dev team},
	title = "{{OpenCV: Introduction to Support Vector Machines}}",
	date = {2016},
	month = {5},
	day = {15},
	url={http://docs.opencv.org/2.4/doc/tutorials/ml/introduction_to_svm/introduction_to_svm.html}	
}

@online{erickimkerneltrick,
	title = "{{Eric Kim: Everything You Wanted to Know about the Kernel Trick}}",
	author={Kim, Eric},
	date = {2013},
	month = {9},
	day = {1},
	url={http://www.eric-kim.net/eric-kim-net/posts/1/kernel_trick.html}	
}

@online{berkeleykerneltrick,
	title = "{{"The Kernel Trick." Lecture Notes}}",
	author={Jordan, Michael I. and Romain Thibaux.},
	date = {2016},
	month = {5},
	day = {15},
	url={http://www.cs.berkeley.edu/~jordan/courses/281B-spring04/lectures/lec3.pdf}	
}

@online{sklearnsvm,
	author={scikit-learn developers},
	title = "{{Scikit-Learn User Guide: Support Vector Machines}}",
	date = {2016},
	month = {5},
	day = {15},
	url={http://scikit-learn.org/stable/modules/svm.html}	
}

@book{Halstead:1977:ESS:540137,
	author = {Halstead, Maurice H.},
	title = "{{Elements of Software Science (Operating and Programming Systems Series)}}",
	year = {1977},
	isbn = {0444002057},
	publisher = {Elsevier Science Inc.},
	address = {New York, NY, USA},
}
@article{mccabe1976,
	author = {McCabe},
	title = "{{A Complexity Measure},
	journal = {IEEE Transactions on Software Engineering}}",
	year = {1976},
	volume = {2},
	pages = {308-320}
}

@article{halstead:dinari,
	author = {Fariba Dinari},
	title = "{{Halstead Complexity Metrics in Software Engineering}}",
	journal = {Journal of Renewable Natural Resources Bhutan},
	year = {2015},
	pages = {418-424},
	month   = {7},
	volume  = {3}		
}

@online{metrics2,
	author = {gboissier},
	title = "{{Eclipse Metrics plugin}}",
	date = {2016},
	month = {5},
	day = {15},
	url = {https://sourceforge.net/projects/metrics2/}
}

@inbook{nagappan-softwareevolution-2008,
	title = "{{Predicting Bugs from History}}",
	author = {Zimmermann, Thomas and Nagappan, Nachiappan and Zeller, Andreas},
	year = {2008},
	month = {3},
	booktitle = "{{Software Evolution}}",
	chapter = {4},
	editors = {Tom Mens and Serge Demeyer},
	pages = {69--88},
	publisher = {Springer},
	ISBN = {9783540764397},
}

@conference {Siket08,
	title = "{{Evaluating the Effectiveness of Object-Oriented Metrics for Bug Prediction}}",
	booktitle = "{{Proceedings of the Sixth Conference of PhD Students in Computer Science (CSCS{\textquoteright}08)}}",
	year = {2008},
	pages = {177-186},
	author = {I. Siket}
}

@article{Gyimothy:2005:EVO:1100866.1100985,
	author = {Gyimothy, Tibor and Ferenc, Rudolf and Siket, Istvan},
	title = "{{Empirical Validation of Object-Oriented Metrics on Open Source Software for Fault Prediction}}",
	journal = {IEEE Trans. Softw. Eng.},
	issue_date = {October 2005},
	volume = {31},
	number = {10},
	month = oct,
	year = {2005},
	issn = {0098-5589},
	pages = {897--910},
	numpages = {14},
	url = {http://dx.doi.org/10.1109/TSE.2005.112},
	doi = {10.1109/TSE.2005.112},
	acmid = {1100985},
	publisher = {IEEE Press},
	address = {Piscataway, NJ, USA},
	keywords = {Bugzilla, C++, Columbus., Index Terms- Fact extraction, Index Terms- Fact extraction, metrics validation, reverse engineering, open source software, fault-proneness detection, Mozilla, Bugzilla, C++, compiler wrapping, Columbus., Mozilla, compiler wrapping, fault-proneness detection, metrics validation, open source software, reverse engineering},
}
@inproceedings{KRS13b,
	key={KRS13b},
	author = {Kolassa, Carsten and Riehle, Dirk and Salim, Michel A.},
	title = "{{The Empirical Commit Frequency Distribution of Open Source Projects}}",
	booktitle = "{{Symposium on Open Collaboration}}",
	pages = {18:1--18:8},
	year = {2013},
	url = {http://www.se-rwth.de/publications/The-Empirical-Commit-Frequency-Distribution-of-Open-Source-Projects.pdf},
	publisher = {ACM},
	keywords={}
}

@article{vladimirsvr,
	author = {Drucker, Harris and Burges, Christopher J. C. and Kaufman, Linda and Smola, Alexander J. and Vapnik, Vladimir N.},
	title = "{{Support Vector Regression Machines}}",
	journaltitle = "{{Advances in Neural Information Processing Systems}}",
	date = {1996},
	OPTissue = {9},
	OPTpages = {155-161},
	publisher = {MIT Press}
}

@online{sklearnoverunderfitting,
	author = {scikit-learn developers},
	title = "{{Underfitting vs. Overfitting}}",
	date = {2016},
	month = {5},
	day = {16},
	url = {http://scikit-learn.org/stable/auto_examples/model_selection/plot_underfitting_overfitting.html}
}

@book{cohenstatistics,
	Author = {Jacob Cohen},
	title = "{{Statistical Power Analysis for the Behavioral Sciences (2nd Edition)}}",
	Publisher = {Routledge},
	Year = {1988},
	ISBN = {0805802835},
	URL = {http://www.amazon.com/Statistical-Analysis-Behavioral-Sciences-Edition/dp/0805802835%3FSubscriptionId%3D0JYN1NVW651KCA56C102%26tag%3Dtechkie-20%26linkCode%3Dxm2%26camp%3D2025%26creative%3D165953%26creativeASIN%3D0805802835}
}

@inproceedings{Schroter:2006:PCF:1159733.1159739,
	author = {Schr\"{o}ter, Adrian and Zimmermann, Thomas and Zeller, Andreas},
	title = "{{Predicting Component Failures at Design Time}}",
	booktitle = "{{Proceedings of the 2006 ACM/IEEE International Symposium on Empirical Software Engineering}}",
	series = {ISESE '06},
	year = {2006},
	isbn = {1-59593-218-6},
	location = {Rio de Janeiro, Brazil},
	pages = {18--27},
	numpages = {10},
	url = {http://doi.acm.org/10.1145/1159733.1159739},
	doi = {10.1145/1159733.1159739},
	acmid = {1159739},
	publisher = {ACM},
	address = {New York, NY, USA},
} 
@phdthesis{Nagappan:2005:PHD,
	author       = {Nachiappan Nagappan}, 
	title        = "{{A Software Testing and Reliability Early Warning (STREW) Metric Suite}}",
	school       = {NC State University},
	year         = {2005},
	address      = {Raleigh, NC 27695-7103},
	month        = {2}
}
@INPROCEEDINGS{Nagappan:2007:4402212, 
	author={N. Nagappan and L. Williams and M. Vouk and J. Osborne}, 
	booktitle = "{{The 18th IEEE International Symposium on Software Reliability (ISSRE '07)}}",
	title = "{{Using In-Process Testing Metrics to Estimate Post-Release Field Quality}}", 
	year={2007}, 
	pages={209-214}, 
	keywords={Automatic testing;Computer industry;Java;Life estimation;Life testing;Open source software;Reliability engineering;Software quality;Software reliability;Software testing}, 
	doi={10.1109/ISSRE.2007.18}, 
	ISSN={1071-9458}, 
	month={11},
}

@online{apachesparkmllib,
	author = {The Apache Software Foundation},
	title = "{{Spark MLlib}}",
	date = {2016},
	month = {5},
	day = {21},
	url={http://spark.apache.org/mllib/}
}

@online{libsvm,
	author = {Chih-Chung Chang and Chih-Jen Lin},
	title = "{{LIBLINEAR -- A Library for Large Linear Classification}}",
	date = {2016},
	month = {5},
	day = {21},
	url={http://www.csie.ntu.edu.tw/~cjlin/libsvm/}
}

@online{liblinear,
	author = {Chih-Jen Lin},
	title = "{{LIBLINEAR -- A Library for Large Linear Classification}}",
	date = {2016},
	month = {5},
	day = {21},
	url={http://www.csie.ntu.edu.tw/~cjlin/liblinear/}
}

@online{libsvminsklearn,
	author={scikit-learn developers},
	title = "{{Scikit learn: sklearn.svm.SVC}}",
	date = {2016},
	month = {5},
	day = {21},
	url={http://scikit-learn.org/stable/modules/generated/sklearn.svm.SVC.html}
}

@online{azureml,
	author = {Microsoft Corp.},	
	title = "{{Microsoft Azure: Machine Learning}}",
	date = {2016},
	month = {5},
	day = {21},
	url={https://azure.microsoft.com/en-us/services/machine-learning/}
}

@online{amazonml,
	author = {Microsoft Corp.},	
	title = "{{Amazon Machine Learning: Produktdetails}}",
	date = {2016},
	month = {5},
	day = {21},
	url={http://aws.amazon.com/de/machine-learning/details/}
}

@thesis{plebml,
	author = {Marek Arnold, Dominic Egger},
	title = "{{Developing PlebML: A modular machine learning framework}}",
	type = {type},
	institution = {ZHAW Institut für angewandte Informationstechnologie},
	date = {2015},
	language = {English},
	month = {05},
}

@article{mlpack2013,
	title = "{{{mlpack}: A Scalable {C++} Machine Learning Library}}",
	author    = {Curtin, Ryan R. and Cline, James R. and Slagle, Neil P. and
	March, William B. and Ram, P. and Mehta, Nishant A. and Gray,
	Alexander G.},
	journal   = {Journal of Machine Learning Research},
	volume    = {14},
	pages     = {801--805},
	year      = {2013}
}

@online{pylearn2,
	author = {Deep Learning},	
	title = "{{Pylearn2 Vision}}",
	date = {2016},
	month = {5},
	day = {21},
	url={http://deeplearning.net/software/pylearn2/}
}

@online{theano,
	author = {Deep Learning},	
	title = "{{Theano}}",
	date = {2016},
	month = {5},
	day = {21},
	url={http://deeplearning.net/software/theano/}
}
@online{sklearnhomepage,
	author={scikit-learn developers},
	title = "{{scikit-learn: Machine Learning in Python}}",
	date = {2016},
	month = {5},
	day = {21},
	url={http://scikit-learn.org/stable/}
}

@article{scikit-learn,
	title = "{{Scikit-learn: Machine Learning in {P}ython}}",
	author={Pedregosa, F. and Varoquaux, G. and Gramfort, A. and Michel, V.
	and Thirion, B. and Grisel, O. and Blondel, M. and Prettenhofer, P.
	and Weiss, R. and Dubourg, V. and Vanderplas, J. and Passos, A. and
	Cournapeau, D. and Brucher, M. and Perrot, M. and Duchesnay, E.},
	journal={Journal of Machine Learning Research},
	volume={12},
	pages={2825--2830},
	year={2011}
}
@online{github:ratelimit,
	author={GitHub},
	title = "{{GitHub API Ratelimit}}",
	date = {2016},
	month = {5},
	day = {21},
	url={https://developer.github.com/v3/rate_limit/}
}

@online{numpy,
	author = {Numpy developers},
	title = "{{NumPy}}",
	date = {2016},
	month = {5},
	day = {22},
	url={http://www.numpy.org/}
}

@online{scipysparse,
	author = {Scipy community},
	title = "{{SciPy Sparse matrices (scipy.sparse)}}",
	date = {2016},
	month = {5},
	day = {22},
	url={http://docs.scipy.org/doc/scipy/reference/sparse.html}
}

@online{pymysql,
	author = {Marcel Rodrigues},
	title = "{{GitHub - PyMySQL/PyMySQL Pure Python MySQL Client}}",
	date = {2016},
	month = {5},
	day = {22},
	url={https://github.com/PyMySQL/PyMySQL}
}

@online{matplotlib,
	author = {John Hunter and Darren Dale and Eric Firing and Michael Droettboom},
	title = "{{matplotlib: python plotting}}",
	date = {2016},
	month = {5},
	day = {22},
	url={http://matplotlib.org/}
}

@online{terminaltables,
	author = {Robpol86},
	title = "{{GitHub - Robpol86/terminaltables: Generate simple tables in terminals from a nested list of strings.}}",
	date = {2016},
	month = {5},
	day = {22},
	url={https://github.com/Robpol86/terminaltables}
}

@online{sklearnpipelines,
	author={scikit-learn developers},
	title = "{{SciKit learn User Guide - Pipeline: chaining estimators}}",
	date = {2016},
	month = {5},
	day = {22},
	url={http://scikit-learn.org/stable/modules/generated/sklearn.pipeline.Pipeline.html#sklearn.pipeline.Pipeline}
}

@online{netprophetlocalregression,
	author={Scott Turner},
	title = "{{Net Prophet: Local Regression}}",
	date = {2013},
	month = {10},
	day = {24},
	url={http://netprophetblog.blogspot.ch/2013/10/local-regression.html}
}

@online{sklearngridsearch,
	author={scikit-learn developers},
	title = "{{Scikit-Learn: Grid Search: Searching for estimator parameters}}",
	date = {2016},
	month = {5},
	day = {28},
	url={http://scikit-learn.org/stable/modules/grid_search.html}
}

@online{sklearncv,
	author={scikit-learn developers},
	title = "{{Scikit-Learn: Cross-validation: evaluating estimator performance}}",
	date = {2016},
	month = {5},
	day = {28},
	url={http://scikit-learn.org/stable/modules/cross_validation.html}
}

@article{Stehman1997,
	doi = {10.1016/s0034-4257(97)00083-7},
	url = {http://dx.doi.org/10.1016/S0034-4257(97)00083-7},
	year  = {1997},
	month = {10},
	publisher = {Elsevier {BV}},
	volume = {62},
	number = {1},
	pages = {77--89},
	author = {Stehman, Stephen V.},
	title = "{{Selecting and interpreting measures of thematic classification accuracy}}",
	journal = {Remote Sensing of Environment}
}

@online{valgrind,
	author={Valgrind Developers},
	title = "{{Valgrind Home}}",
	date = {2016},
	month = {5},
	day = {30},
	url={http://valgrind.org/}
}

@online{cobertura,
	author={Steven Christou},
	title = "{{Cobertura - A code coverage utility for Java.}}",
	date = {2016},
	month = {5},
	day = {30},
	url={http://cobertura.github.io/cobertura/}
}

@online{amf,
	author={lcamtuf},
	title = "{{American fuzzy lop}}",
	date = {2016},
	month = {5},
	day = {30},
	url={http://lcamtuf.coredump.cx/afl/}
}

@online{findbugs,
	author={Findbugs},
	title = "{{FindBugs\textsuperscript{tm} - Find Bugs in Java Programs}}",
	institution={University of Maryland},
	date = {2016},
	month = {5},
	day = {30},
	url={http://findbugs.sourceforge.net/}
}

@online{checkstyle,
	author={Roman Ivanov},
	title = "{{Checkstyle}}",
	date = {2016},
	month = {5},
	day = {30},
	url={http://checkstyle.sourceforge.net/}
}

@online{pmd,
	author={Andreas Dangel},
	title = "{{PMD - Don't shoot the messenger}}",
	date = {2016},
	month = {5},
	day = {30},
	url={http://pmd.github.io/}
}

@online{lint,
	author={Oracle},
	title = "{{Man page lint}}",
	date = {2016},
	month = {5},
	day = {30},
	url={http://docs.oracle.com/cd/E19205-01/820-4180/man1/lint.1.html}
}

@online{codeclimate,
	author={CodeClimate},
	title = "{{Code Climate - Static analysis from your command line to the cloud}}",
	date = {2016},
	month = {5},
	day = {30},
	url={https://codeclimate.com/}
}

@inproceedings{barstad2014,
	author = {Barstad, Vera and Goodwin, Morten and Gjøsæter, Terje},
	title = "{{Predicting Source Code Quality with Static Analysis and Machine Learning}}",
	date = {2014},
	booktitle   = "{{Norsk informatikkonferanse (NIK 2014)}}",
	eventtitle = "{{NIK: Norsk Informatikkonferanse}}",
	institution = {Faculty of Engineering and Science, University of Agder},
	adress = {Serviceboks 509, NO-4898 Grimstad, Norway},
	url = {ojs.bibsys.no/index.php/NIK/article/download/26/22}
}

@online{promise,
	author={Prof. Natalia Juristo},
	title = "{{Promise - The 12th International Conference on Predictive Models and Data Analytics in Software Engineering}}",
	date = {2015},
	month = {9},
	day = {7},
	url={http://promisedata.org/2016/index.html#}
}

@online{promisedatasets,
	author={University of Ottawa},
	title = "{{Promise Software Engineering Repository - Public Datasets}}",
	date = {2016},
	month = {5},
	day = {30},
	url={http://promise.site.uottawa.ca/SERepository/datasets-page.html}
}


@online{googlebugprediction,
	title = "{{Google Engineering Tools - Bug Prediction at Google}}",
	author = {Chris Lewis and Rong Ou},
	date = {2016},
	month = {5},
	day = {30},
	url={http://promise.site.uottawa.ca/SERepository/datasets-page.html}
}

@inproceedings{rahman2011bugcache,
	title = "{{BugCache for inspections: hit or miss?}}",
	author={Rahman, Foyzur and Posnett, Daryl and Hindle, Abram and Barr, Earl and Devanbu, Premkumar},
	booktitle = "{{Proceedings of the 19th ACM SIGSOFT symposium and the 13th European conference on Foundations of software engineering}}",
	pages={322--331},
	year={2011},
	organization={ACM}
}

@article{Sharafat2008,
	doi = {10.4304/jsw.3.5.26-39},
	url = {http://www.academypublisher.com/jsw/vol03/no05/jsw03052639.pdf},
	year  = {2008},
	month = {5},
	publisher = {International Academy Publishing ({IAP})},
	volume = {3},
	number = {5},
	author = {Ali R. Sharafat and Ladan Tahvildari},
	title = "{{Change Prediction in Object-Oriented Software Systems: A Probabilistic Approach}}",
	journal = "{{JSW}}"
}

@inproceedings{Giger2011,
	author = {Giger, Emanuel and Pinzger, Martin and Gall, Harald C.},
	title = "{{Comparing Fine-grained Source Code Changes and Code Churn for Bug Prediction}}",
	booktitle = "{{Proceedings of the 8th Working Conference on Mining Software Repositories}}",
	series = {MSR '11},
	year = {2011},
	isbn = {978-1-4503-0574-7},
	location = {Waikiki Honolulu HI USA},
	pages = {83--92},
	numpages = {10},
	url = {http://doi.acm.org/10.1145/1985441.1985456},
	doi = {10.1145/1985441.1985456},
	acmid = {1985456},
	publisher = {ACM},
	address = {New York, NY, USA},
	keywords = {code churn, nonlinear regression, prediction models, software bugs, source code changes},
}

@inproceedings{Nagappan2005,
	author = {Nagappan, Nachiappan and Ball, Thomas},
	title = "{{Use of Relative Code Churn Measures to Predict System Defect Density}}",
	booktitle = "{{Proceedings of the 27th International Conference on Software Engineering}}",
	series = {ICSE '05},
	year = {2005},
	isbn = {1-58113-963-2},
	location = {St. Louis, MO, USA},
	pages = {284--292},
	numpages = {9},
	url = {http://doi.acm.org/10.1145/1062455.1062514},
	doi = {10.1145/1062455.1062514},
	acmid = {1062514},
	publisher = {ACM},
	address = {New York, NY, USA},
	keywords = {defect density, fault-proneness, multiple regression, principal component analysis, relative code churn},
} 

@article{Arisholm2010,
	doi = {10.1016/j.jss.2009.06.055},
	url = {http://dx.doi.org/10.1016/j.jss.2009.06.055},
	year  = {2010},
	month = {1},
	publisher = {Elsevier {BV}},
	volume = {83},
	number = {1},
	pages = {2--17},
	author = {Erik Arisholm and Lionel C. Briand and Eivind B. Johannessen},
	title = "{{A systematic and comprehensive investigation of methods to build and evaluate fault prediction models}}",
	journal = {Journal of Systems and Software}
}

@article{DAmbros2011,
	doi = {10.1007/s10664-011-9173-9},
	url = {http://dx.doi.org/10.1007/s10664-011-9173-9},
	year  = {2011},
	month = {8},
	publisher = {Springer Science $\mathplus$ Business Media},
	volume = {17},
	number = {4-5},
	pages = {531--577},
	author = {Marco D'Ambros and Michele Lanza and Romain Robbes},
	title = "{{Evaluating defect prediction approaches: a benchmark and an extensive comparison}}",
	journal = {Empirical Software Engineering}
}

@article{Lessmann2008,
	doi = {10.1109/tse.2008.35},
	url = {http://dx.doi.org/10.1109/TSE.2008.35},
	year  = {2008},
	month = {7},
	publisher = {Institute of Electrical {\&} Electronics Engineers ({IEEE})},
	volume = {34},
	number = {4},
	pages = {485--496},
	author = {S. Lessmann and B. Baesens and C. Mues and S. Pietsch},
	title = "{{Benchmarking Classification Models for Software Defect Prediction: A Proposed Framework and Novel Findings}}",
	journal = {{IEEE} Transactions on Software Engineering}
}

@inproceedings{Rahman2014,
	doi = {10.1145/2568225.2568269},
	url = {http://dx.doi.org/10.1145/2568225.2568269},
	year  = {2014},
	publisher = {Association for Computing Machinery ({ACM})},
	author = {Foyzur Rahman and Sameer Khatri and Earl T. Barr and Premkumar Devanbu},
	title = "{{Comparing static bug finders and statistical prediction}}",
	booktitle = "{{Proceedings of the 36th International Conference on Software Engineering - {ICSE} 2014}}",
}



@inproceedings{Rahman2014p10,
	doi = {10.1145/2568225.2568269},
	url = {http://dx.doi.org/10.1145/2568225.2568269},
	pages = {10},
	year  = {2014},
	publisher = {Association for Computing Machinery ({ACM})},
	author = {Foyzur Rahman and Sameer Khatri and Earl T. Barr and Premkumar Devanbu},
	title = "{{Comparing static bug finders and statistical prediction}}",
	booktitle = "{{Proceedings of the 36th International Conference on Software Engineering - {ICSE} 2014}}",
}

@online{githubguides,
	author = {GitHub},
	title = "{{GitHub Guides}}",
	date = {2016},
	month = {5},
	day = {31},
	url = {https://guides.github.com/}
}

@online{gitdocumentation,
	author = {Git},
	title = "{{Git documentation}}",
	date = {2016},
	month = {5},
	day = {31},
	url = {https://git-scm.com/doc}
}

@online{ngcoursera,
	author = {Andrew Ng},
	title = "{{Machine Learning - Stanford University | Coursera}}",
	date = {2016},
	month = {5},
	day = {31},
	url = {https://www.coursera.org/learn/machine-learning}
}

@online{boastatistics,
	author = {Iowa State University},
	title = "{{Dataset Statistics - Boa - Iowa State University}}",
	date = {2016},
	month = {5},
	day = {31},
	url = {http://boa.cs.iastate.edu/stats/index.php}
}

@online{boahomepage,
	author = {Iowa State University},
	title = "{{Boa - Iowa State University}}",
	date = {2016},
	month = {5},
	day = {31},
	url={http://boa.cs.iastate.edu/}
}

@online{jgit,
	author = {Eclipse Foundation},	
	title = "{{Eclipse - jGit}}",
	date = {2016},
	month = {5},
	day = {31},
	url = {https://eclipse.org/jgit/}
}

@online{msr2016,
	author = {Miryung Kim},	
	title = "{{MSR 2016}}",
	date = {2016},
	month = {5},
	day = {31},
	url = {http://2016.msrconf.org/}
}

@article{Dyer:2015:BUS:2852270.2803171,
	author = {Dyer, Robert and Nguyen, Hoan Anh and Rajan, Hridesh and Nguyen, Tien N.},
	title = "{{Boa: Ultra-Large-Scale Software Repository and Source-Code Mining}}",
	journal = {ACM Trans. Softw. Eng. Methodol.},
	issue_date = {December 2015},
	volume = {25},
	number = {1},
	month = dec,
	year = {2015},
	issn = {1049-331X},
	pages = {7:1--7:34},
	articleno = {7},
	numpages = {34},
	url = {http://doi.acm.org/10.1145/2803171},
	doi = {10.1145/2803171},
	acmid = {2803171},
	publisher = {ACM},
	address = {New York, NY, USA},
	keywords = {Boa, domain-specific language, ease of use, lower barrier to entry, mining software repositories, scalable},
} 

@online{softwareartifactinfrastructurerepo,
	author = {Matthew B. Dwyer},	
	title = "{{Software-artifact Infrastructure Repository}}",
	date = {2016},
	month = {5},
	day = {31},
	url = {http://sir.unl.edu/portal/index.php}
}

@thesis{chollak2015,
	author = {Devin Chollak},
	title = "{{Software Bug Detection Using the N-gram Language Model}}",
	type = {master's thesis},
	institution = {University of Waterloo},
	date = {2015},
}

@incollection{Nessa,
	doi = {10.1007/978-3-540-88582-5_51},
	url = {http://dx.doi.org/10.1007/978-3-540-88582-5_51},
	publisher = "{{Springer Science and Business Media}}",
	pages = {548--559},
	author = {Syeda Nessa and Muhammad Abedin and W. Eric Wong and Latifur Khan and Yu Qi},
	title = "{{Software Fault Localization Using N-gram Analysis}}",
	booktitle = {Wireless Algorithms,  Systems,  and Applications}
}

@inproceedings{Choi2011,
	doi = {10.1109/nbis.2011.104},
	url = {http://dx.doi.org/10.1109/NBiS.2011.104},
	year  = {2011},
	month = {9},
	publisher = {Institute of Electrical and Electronics Engineers ({IEEE})},
	author = {Junho Choi and Hayoung Kim and Chang Choi and Pankoo Kim},
	title = "{{Efficient Malicious Code Detection Using N-Gram Analysis and SVM}}",
	booktitle = {2011 14th International Conference on Network-Based Information Systems}
}

@incollection{Zhang2007,
	doi = {10.1007/978-3-540-74377-4_65},
	url = {http://dx.doi.org/10.1007/978-3-540-74377-4_65},
	year  = {2007},
	publisher = {Springer Science and Business Media},
	pages = {626--633},
	author = {Boyun Zhang and Jianping Yin and Jingbo Hao and Shulin Wang and Dingxing Zhang},
	title = "{{New Malicious Code Detection Based on N-Gram Analysis and Rough Set Theory}}",
	booktitle = {Computational Intelligence and Security}
}

@book{mitchell1997,
	Author = {Tom M. Mitchell},
	Title = {Machine Learning},
	Publisher = {McGraw-Hill Education},
	Year = {1997},
	ISBN = {0070428077},
	URL = {http://www.amazon.com/Machine-Learning-Tom-M-Mitchell/dp/0070428077%3FSubscriptionId%3D0JYN1NVW651KCA56C102%26tag%3Dtechkie-20%26linkCode%3Dxm2%26camp%3D2025%26creative%3D165953%26creativeASIN%3D0070428077}
}

@online{mercurial,
	author = {Mercurial},
	title = "{{Mercurial SCM}}",
	date = {2016},
	month = {6},
	day = {2},
	url={https://www.mercurial-scm.org/}
}

@online{bazaar,
	author = {Canonical Ltd.},
	title = "{{Bazaar}}",
	date = {2016},
	month = {6},
	day = {2},
	url={http://bazaar.canonical.com/en/}
}

@online{githubwebhooks,
	author = {GitHub},
	title = "{{GitHub WebHooks}}",
	date = {2016},
	month = {6},
	day = {2},
	url={https://developer.github.com/webhooks/}
}


@online{scikitlearnfeatureselection,
	author={scikit-learn developers},
	title = "{{Feature selection - scikit-learn documentation}}",
	date = {2016},
	month = {6},
	day = {5},
	url={http://scikit-learn.org/stable/modules/feature_selection.html}
}

@online{scikitlearnpca,
	author={scikit-learn developers},
	title = "{{sklearn.decomposition.PCA - scikit-learn documentation}}",
	date = {2016},
	month = {6},
	day = {5},
	url={http://scikit-learn.org/stable/modules/generated/sklearn.decomposition.PCA.html}
}

@online{scikitlearnrandomforest,
	author={scikit-learn developers},
	title = "{{sklearn.ensemble.RandomForestRegressor - scikit-learn documentation}}",
	date = {2016},
	month = {6},
	day = {5},
	url={http://scikit-learn.org/stable/modules/generated/sklearn.ensemble.RandomForestClassifier.html}
}